<?xml version="1.0" encoding="UTF-8"?><collection xmlns="http://www.loc.gov/MARC21/slim"><record><leader>00467nam--2200133-i-4500</leader><controlfield tag="001">000011251</controlfield><controlfield tag="002">20161230</controlfield><controlfield tag="005">20161230201029</controlfield><controlfield tag="008">060222s1000------------r-----000-0-eng-d</controlfield><datafield ind1=" " ind2=" " tag="080"><subfield code="a">541.124:547</subfield></datafield><datafield ind1=" " ind2=" " tag="100"><subfield code="a">Becker, Heinz G.O</subfield></datafield><datafield ind1=" " ind2=" " tag="245"><subfield code="a">Einfuhrung in die elektronentheorie organisch chemischer reaktionen. 3., vollig neubearbeite te auflage. mit 40 abbildungen und 86 tabellen</subfield></datafield><datafield ind1=" " ind2=" " tag="260"><subfield code="a">Berlin, Veb Deutscher Verlag Der Wissenschafte N, 1974, 564 P</subfield></datafield><datafield ind1=" " ind2=" " tag="852"><subfield code="a">41920</subfield></datafield></record></collection>